@ARTICLE{Hosseinian_2021,
	author={Hosseinian, Mohsen and Choi, Jihwan P. and Chang, Seok-Ho and Lee, Jungwon},
	journal={IEEE Aerospace and Electronic Systems Magazine}, 
	title={Review of 5G NTN Standards Development and Technical Challenges for Satellite Integration With the 5G Network}, 
	year={2021},
	volume={36},
	number={8},
	pages={22-31},
	doi={10.1109/MAES.2021.3072690}}